2532 3633
22 1811 198 1850 Moduscb‘

10 1867 180 1915 fidet-an-

23 1920 64 1955 di
81 1916 183 1952 debet

21 1973 83 2020 ff
97 1982 194 2018 aequa

22 2024 63 2062 lis
72 2035 126 2058 ret
137 2023 193 2056 col

16 2076 191 2128 sideram-

21 2129 108 2167 eide
117 2141 146 2163 1.

23 2181 83 2217 lib.
96 2180 138 2215 de
191 2189 195 2193 ’

22 2233 119 2269 Nat-⁷
136 2232 197 2279 log-

24 2300 98 2338 cap·
111 2294 161 2327 18-

225 118 270 162 ,1

660 102 724 154 de
742 102 1009 173 Naturalis
1029 106 1265 160 Scientiae
1286 108 1554 162 constitut.
1590 111 1765 166 Libet.

2166 133 2226 169 10

227 212 415 251 quatenus
424 202 610 242 natumst,
625 201 701 237 hoc
710 194 777 240 est,
790 212 974 251 quatenus
986 204 1176 253 pertinens
1201 206 1235 243 A
1274 205 1308 239 &
1319 200 1414 239 nihil
1425 202 1595 241 excludit
1604 229 1613 244 ‚
1626 217 1714 243 nam
1726 209 1760 243 δε
1770 205 1919 246 mobile
1930 235 1939 249 ,
1951 210 1988 247 ἃ
1997 210 2177 252 naturale,
2190 216 2226 250 dc

225 255 273 291 ad
292 253 575 305 Philosophum
595 251 823 293 naturalem,
844 252 1000 292 subiecti
1021 257 1178 294 nomine

225 307 516 358 complectimur
526 318 643 342 omne
652 305 842 356 pertinens
852 305 900 344 ad
910 306 1179 357 Phlosophum

227 359 434 397 naturalem
446 383 456 398 ‚
466 359 650 408 quoniam
661 355 708 394 ab
720 369 764 393 eo
779 381 789 397 ‚
812 358 919 408 quod
929 359 978 396 est
987 370 1176 409 quatenus

224 412 347 460 ipsum
358 436 366 450 ‚
378 422 418 446 ac
431 410 475 446 de
486 423 592 448 omni
604 409 733 447 efficax
743 409 887 460 semper
897 437 906 452 ,
926 423 966 447 ac
977 411 1175 450 necessaria

223 460 426 503 estillati03
442 465 571 500 omnia
582 463 698 515 igitur
710 466 742 498 <Sc
756 462 948 514 principia,
963 469 995 500 &
1006 465 1174 502 acciden-

220 515 462 552 tianaturalia
473 516 613 567 specics
626 514 777 565 fubiecssti
789 526 896 552 erunt
908 543 916 555 ,
927 517 1083 565 proinde
1094 517 1174 553 nul-

216 563 250 601 la
265 579 373 604 erunt
390 566 545 605 subiefii
564 567 766 618 principia,
784 566 891 603 nulla
909 568 1115 606 accidentia
1128 568 1174 606 ab

216 618 296 667 ipso
309 619 474 657 subiceco
486 619 655 665 distineta
667 632 676 658 5
687 619 803 669 idque
813 618 900 658 esset
913 620 1078 671 accipere
1092 621 1173 659 sub-

218 672 358 709 rectum
371 673 443 709 late
456 686 521 723 pro
538 674 643 710 omni
661 685 699 708 re
710 670 940 710 considerata
951 698 961 713 ‚
982 685 1097 723 quam
1110 687 1172 711 ac-

219 726 434 777 ceptionem
456 727 568 762 nimis
584 725 746 766 rudem,
767 730 798 762 &
811 722 832 762 a
850 724 981 763 nostro
1001 725 1175 764 instituto

223 779 387 816 alienam
407 775 560 815 effetam
581 777 759 816 diximus.
783 780 826 814 In
844 779 1079 831 tertiaigitur
1095 778 1171 817 sola

224 829 499 882 significatione
524 830 717 880 sumptum
745 828 816 867 effe
833 829 878 866 ab
896 830 971 868 illis
998 832 1169 869 naturale

223 881 468 921 manifestum
480 881 549 922 esti
569 879 837 919 sedclarisfima
856 885 1033 920 omniurn
1044 881 1171 935 estap-

222 935 379 988 pcllatio
400 934 508 971 modi
527 934 640 971 huius
662 932 939 977 considerandi,
958 934 984 972 fi
1000 936 1170 973 dicamus

224 999 413 1040 quatenus
430 991 605 1024 naturam
624 985 766 1023 habens
787 1014 797 1027 ‚
816 987 879 1025 seu
899 999 1082 1037 quatenus
1103 989 1172 1029 ha-

223 1042 313 1080 bens
322 1040 548 1090 principium
560 1050 711 1080 motus,
731 1038 777 1076 fic
787 1042 889 1077 enim
907 1053 1067 1078 omnem
1080 1044 1174 1087 vita-

221 1105 308 1132 mus
334 1092 625 1143 ambiguitatem
651 1118 661 1134 ,
687 1096 721 1129 &
747 1093 894 1129 errandi
921 1093 1172 1135 occasionem,

222 1157 337 1197 quam
349 1142 1000 1194 fortaffepraeberepotestilladiCtio
1012 1157 1174 1187 ,natura-

221 1199 269 1238 le‚
278 1198 573 1250 propter'varias,
585 1209 677 1246 quas
686 1209 773 1233 com
782 1200 1095 1240 memorauimus,
1107 1199 1173 1236 hu-

223 1254 282 1288 ius
296 1252 402 1289 vocis
420 1247 720 1299 significationes.
759 1250 1171 1300 Huncigiturconfide-
1191 1253 1223 1289 C

222 1302 330 1339 randi
341 1301 503 1338 modum
517 1300 541 1336 si
551 1312 686 1337 omnes
698 1299 1020 1342 statuunt,neceffe
1031 1302 1167 1341 estrein

226 1367 383 1404 quoque
396 1352 664 1389 consideratam
676 1353 837 1389 eandem
853 1354 899 1390 ab
910 1354 1170 1406 omnibuspo-

219 1407 282 1443 ni,
303 1411 334 1441 δε
346 1404 412 1442 sub
421 1403 591 1440 stantiam
604 1432 612 1444 ,
633 1408 667 1440 ὃς
679 1417 741 1442 ens
752 1404 795 1441 ab
809 1406 861 1442 eis
877 1407 993 1456 accipi
1003 1420 1071 1457 pro
1091 1421 1172 1445 cor-

219 1469 330 1508 pore:
351 1457 491 1493 etenim
502 1469 620 1493 omne
637 1454 776 1494 habens
793 1458 1020 1509 principium
1038 1471 1167 1498 motus

215 1511 258 1546 in
275 1508 394 1559 seipso
413 1520 550 1559 corpus
568 1508 636 1550 est,
656 1509 759 1547 idern
772 1522 862 1561 ergo
884 1510 934 1547 est
944 1524 1008 1548 ens
1025 1512 1166 1550 habens

213 1562 444 1613 principium
456 1571 586 1598 motus
597 1589 606 1601 ‚
627 1566 658 1598 8<
671 1560 871 1599 substantia
885 1563 1170 1616 habensprinci-

212 1615 321 1664 pium
334 1626 472 1653 motus,
483 1625 525 1649 ac
534 1626 667 1664 corpus
679 1627 688 1653 3
701 1616 1036 1665 quemadmodum
1051 1631 1113 1655 ens
1125 1620 1170 1655 ri-

214 1665 342 1707 sibile,
362 1665 568 1704 substantia
579 1666 749 1706 risibilis,
768 1668 904 1705 animal
914 1668 1050 1706 risibile
1063 1671 1165 1708 idem

215 1718 427 1771 significant
443 1744 452 1758 ,
474 1731 613 1770 nempe
630 1720 755 1769 solum
776 1720 990 1758 hominem.
1016 1725 1166 1760 Restius

218 1774 405 1810 esttamen
416 1772 537 1810 dicere
547 1784 824 1821 corpus,quam
836 1772 1091 1814 substantiam,
1104 1777 1163 1814 vel
1195 1767 1232 1802 D
1260 1773 1313 1810 les
1332 1776 1496 1812 variism
1512 1776 1607 1814 locis
1620 1779 1781 1829 loquens
1800 1783 1845 1820 de
1855 1783 1935 1821 subi

218 1838 311 1866 ens,
329 1835 525 1877 propterea
544 1824 649 1873 quod
665 1826 703 1860 in
720 1823 883 1862 scientiis
902 1827 1167 1876 contemplati-

217 1879 275 1914 uis
294 1878 404 1915 debet
424 1876 565 1920 modus*
580 1876 837 1914 considerandi
856 1876 926 1913 effi:
939 1879 1091 1928 aequalis
1110 1881 1164 1916 rei

214 1929 520 1968 confidat-atam
531 1928 620 1964 alibi
630 1928 1168 1968 declarauimusmstendimus

221 1984 322 2018 enim
337 1985 387 2017 no
398 1992 562 2030 pugnare
574 1981 671 2017 inter
681 1982 714 2018 se
727 1980 802 2015 haec
813 1981 891 2017 duo
902 2006 911 2021 ‚
929 1982 1069 2019 modus
1079 1996 1166 2020 con·

220 2032 404 2073 siderandi
423 2032 476 2068 est
489 2033 643 2081 aequalis
654 2034 707 2069 rei
725 2032 980 2077 consideratae,
1002 2040 1033 2070 ὃς
1047 2034 1168 2072 estan-

219 2085 364 2140 gustior
373 2110 382 2124 ‚
393 2084 579 2135 illamque
591 2086 769 2123 coarctati
781 2086 943 2135 aequales
955 2088 1167 2128 enimsunt,

221 2138 504 2190 quatenus'sunt
512 2151 566 2175 res
579 2137 754 2188 quaedam
766 2161 776 2177 2
796 2150 876 2187 quae
886 2150 985 2175 extra
996 2141 1165 2177 animam

223 2190 392 2233 existunt,
403 2190 555 2228 nullum
566 2192 668 2227 enirn
679 2201 780 2227 extra
789 2192 956 2228 animam
967 2191 1074 2228 datur
1085 2205 1164 2229 cor-

223 2258 312 2295 pus,
331 2244 527 2293 quodnon
537 2242 721 2280 habeatin
740 2241 1013 2293 serprincipium
1026 2256 1168 2286 motus,

225 2301 258 2332 ὃς
277 2296 432 2331 nullum
452 2294 560 2331 datur
579 2295 721 2333 habens
738 2295 822 2332 inse
838 2298 1068 2346 principium
1086 2310 1171 2334 mo·
1190 2291 1217 2325 Ε

220 2360 282 2385 tus
293 2374 302 2386 ,
316 2346 422 2396 quod
434 2345 560 2393 nonsit
569 2358 701 2395 corpus
715 2361 721 2382 :
739 2359 908 2384 attamen
920 2347 1115 2386 fialterurn
1129 2362 1171 2390 vt

218 2414 274 2438 res
288 2400 476 2438 sumatur,
496 2399 656 2436 alterum
667 2411 757 2438 vero
770 2412 804 2438 vr
820 2400 961 2439 modus
972 2428 980 2443 ,
994 2415 1073 2438 rem
1087 2416 1172 2440 mo-

222 2453 292 2490 dus
312 2453 489 2491 coarctat,
506 2464 585 2487 non
603 2462 643 2490 vt
662 2463 742 2486 rem
754 2475 764 2490 ‚
783 2450 847 2488 sed
865 2462 906 2491 vt
921 2453 1170 2493 confidat-abi-

197 3303 204 3304 c
231 3296 415 3337 namque

223 2505 304 2547 lein
319 2509 331 2545 '3
352 2511 496 2555 'corpus
513 2505 615 2541 enim
634 2502 686 2540 est
702 2501 968 2542 considerabile
985 2515 1066 2543 non
1086 2513 1170 2545 mo-

226 2557 278 2594 do
297 2568 339 2596 vt
350 2555 490 2593 habens
507 2567 701 2597 naturam,
723 2554 910 2592 sedetiam
928 2557 1170 2597 aliisrmodis:

224 2608 348 2662 potest
371 2622 473 2645 enim
497 2619 627 2645 mente
657 2608 806 2658 concipi
822 2608 1045 2646 abiunctum-
1062 2611 1113 2648 ob
1133 2625 1175 2649 0-

223 2663 307 2700 mni
322 2661 536 2713 aptitudine
555 2661 790 2701 admotum,
814 2665 846 2697 ὃ(
859 2660 1081 2699 considerari
1098 2675 1177 2701 tan-

225 2714 433 2752 tummodo
452 2724 494 2754 vt
509 2725 695 2764 quantum
712 2738 722 2754 ,
750 2721 834 2763 quae
854 2713 906 2754 est
924 2712 1173 2754 consideratio

227 2766 519 2803 Mathematica:
541 2766 753 2803 hocautem
765 2765 815 2802 est
831 2764 1174 2804 manifestissimum

230 2819 269 2854 in
285 2818 364 2855 illis
379 2818 544 2856 scientiis
562 2843 571 2858 2
598 2820 638 2855 iu
657 2817 796 2869 quibus
816 2818 920 2855 idem
939 2817 1010 2855 effe
1027 2818 1177 2857 videtur
1198 2822 1224 2856 F

229 2870 370 2907 modus
387 2870 662 2912 confiderandi‚
682 2877 725 2908 ac
742 2883 798 2907 res
818 2871 1062 2912 considerata,
1084 2873 1177 2910 vtin

231 2921 481 2974 Metaphysica
493 2951 502 2963 ,
522 2926 560 2961 in
572 2936 614 2960 ea
630 2920 796 2974 namque
811 2922 1023 2961 subieecum
1033 2922 1102 2961 esse
1122 2925 1177 2961 di·

231 2972 352 3009 cimus
363 2988 445 3017 ens,
464 2987 507 3016 vt
523 2989 586 3013 ens
597 2974 667 3015 est,
689 2977 729 3012 in
738 2978 819 3025 quo'
835 2974 1034 3017 dieroesset
1053 2976 1180 3014 absur-

230 3024 347 3066 ditas,
368 3031 569 3080 &nugario
587 3027 807 3067 manifesta¹
828 3028 893 3065 nisi
907 3029 1030 3066 modo
1040 3030 1175 3080 aliquo

228 3089 294 3113 ens
303 3077 534 3129 restringeret
550 3094 613 3117 ens
625 3106 634 3120 ,
654 3080 948 3132 restringiten'tm
969 3095 1047 3118 non
1056 3093 1175 3123 vtres,

229 3128 294 3165 sed
313 3141 351 3167 vt
362 3131 517 3170 modus,
538 3131 724 3182 siquidem
735 3145 774 3171 vt
794 3147 850 3170 res
860 3147 941 3171 non
957 3135 1080 3171 modo
1091 3135 1174 3172 sunt

230 3183 411 3231 aequales.
434 3182 627 3221 Abdtdcm‘,
649 3196 685 3232 at
699 3194 896 3235 acceptum
907 3200 969 3223 ens
987 3200 1055 3237 pro
1075 3200 1111 3223 re
1125 3187 1175 3223 la-

230 3234 435 3283 tiuspattz.
517 3247 572 3271 *ru
588 3249 648 3272 ens
662 3249 858 3287 acceptum
868 3251 936 3288 pro
948 3238 1069 3276 modo
1084 3264 1093 3279 ‚
1112 3252 1177 3276 ens

560 3319 561 3323 ,
593 3300 739 3338 titgtutn.
759 3291 1181 3343 omniacomplestitur,

1273 254 1504 307 magnitudo
1515 282 1524 296 ,
1548 260 1580 292 ὅ(
1590 269 1770 296 numerus
1784 271 1846 296 ens
1858 259 1929 302 est,
1946 261 2008 299 sed
2019 264 2224 314 quodlibet

1271 317 1399 344 tamen
1409 305 1565 349 horum,
1578 307 1602 345 si
1612 310 1779 348 sumatur
1789 323 1829 349 vt
1841 313 1980 350 modus
1989 313 2226 355 consideran-

1273 359 1333 400 di,
1352 359 1504 396 nullum
1524 360 1689 398 aliorum
1708 364 1897 406 eontinet,
1915 371 1998 404 &ea
2017 370 2147 406 omnia
2160 382 2222 408 ex-

1273 411 1408 452 cludit,
1420 424 1507 449 nam
1518 412 1752 452 considerare
1763 427 1802 456 vt
1812 430 1891 457 ens,
1903 431 1980 456 non
1992 417 2220 460 estconfide-

1269 475 1347 500 rare
1366 475 1405 503 vt
1427 464 1595 507 mobile,
1610 478 1730 518 neque
1748 479 1787 508 vt
1804 470 2127 520 magnitudinem,
2148 479 2181 510 ἀ
2196 474 2216 511 ὲ

1265 515 1757 559 conuerso,considerarevt
1767 519 1912 558 mobile
1922 521 2138 573 estquidem
2149 527 2219 563 cf>-

1267 566 1421 606 siderare
1434 581 1496 606 ens
1507 594 1518 610 ‚
1538 569 1586 607 ad
1599 571 1982 611 nonestconfiderare
1997 587 2036 614 vt
2046 588 2128 614 ens:
2148 589 2214 616 ens

1262 620 1499 673 igitur,'quod
1508 624 1639 659 omnia
1648 624 2123 677 continet,restt1ngiturab
2135 627 2210 668 hoc

1266 673 1388 711 modo
1405 672 1689 716 considerandi,
1712 689 1898 727 quatenus
1916 691 2002 719 ens,
2021 693 2142 731 quum
2161 682 2226 728 ab:

1215 730 1242 764 Β
1265 725 1340 762 hoc
1366 727 1490 762 caeteri
1508 739 1644 764 omnes
1671 730 1780 766 modi
1796 730 2068 772 excludantur,
2096 736 2211 771 ratio-

1263 791 1337 828 que
1356 778 1468 816 huius
1479 777 1538 819 est,
1549 782 1734 829 quoniam
1747 784 1908 819 materiae
1916 782 1969 820 est
1978 786 2213 837 amplitudo,

1268 835 1300 865 δε
1318 830 1629 870 indeterminatio
1642 859 1651 874 ‚
1669 832 1800 870 formae
1815 848 1906 874 vero
1924 835 2117 876 distinctio
2129 867 2139 880 ‚
2157 853 2217 879 ac-

1265 881 1558 924 determinatim
1579 887 1765 934 quoniam
1782 888 1898 939 igitur
1912 901 1968 926 res
1985 891 2216 932 considerata

1265 934 1399 972 locum
1412 935 1558 973 obtinet
1568 939 1749 979 materiae,
1761 940 1899 977 modus
1909 952 2036 979 autern
2047 945 2216 984 confide-

1265 987 1623 1026 randitcnetlocum
1635 988 1788 1033 format,
1807 991 1947 1031 necesse
1967 994 2022 1031 cst
2041 1008 2146 1036 vtens
2157 1012 2217 1037 ac-

1266 1052 1418 1090 ceptum
1436 1053 1504 1091 pro
1518 1041 1793 1081 reconfiderata
1809 1044 1918 1082 latius
1927 1059 2071 1098 pateat,
2091 1064 2211 1102 quam

1266 1105 1331 1128 cns
1347 1105 1544 1142 acceptum
1560 1107 1629 1145 pro
1655 1096 1778 1134 modo
1796 1097 2054 1138 considerandi
2073 1129 2084 1144 ‚
2110 1109 2142 1141 ὅ(
2161 1104 2211 1144 ab

1268 1144 1340 1182 hoc
1366 1147 1584 1183 coarctetur.
1639 1149 1739 1186 Dico
1764 1152 1879 1202 igitur
1902 1166 1981 1190 rem
2004 1155 2212 1197 considera-

1263 1207 1340 1234 tam
1351 1223 1360 1238 ‚
1375 1203 1406 1234 ὃς
1417 1198 1578 1236 modum
1588 1200 1848 1240 considerandi
1860 1204 1994 1243 debere
2005 1204 2073 1244 esse
2083 1222 2213 1261 aequa--

1260 1248 1308 1286 lis
1325 1249 1490 1288 ambitus
1502 1278 1512 1292 ‚
1530 1264 1717 1302 quatenus
1736 1267 1792 1293 res
1810 1258 1983 1305 quaedam
2001 1259 2102 1303 sunt,
2119 1261 2210 1302 sice·

1260 1304 1342 1339 nim
1361 1302 1528 1340 seruatur
1544 1303 1746 1343 essentialis
1765 1321 1953 1351 connexus
1972 1335 1982 1351 ‚
2003 1316 2128 1363 neque
2143 1328 2209 1366 per

1262 1354 1337 1392 hoc
1348 1353 1428 1397 stat,
1438 1358 1531 1405 quin
1539 1369 1593 1393 res
1604 1357 1833 1399 considerata
1842 1376 1879 1399 re
1887 1363 2084 1416 stringatur
2093 1365 2112 1404 a
2122 1381 2211 1407 mo-

1259 1406 1311 1443 do
1331 1407 1589 1445 considerandi
1607 1425 1614 1444 :
1642 1414 1822 1460 quocirca
1838 1416 1975 1454 melius
1993 1418 2047 1455 est
2064 1444 2075 1460 ‚
2093 1420 2214 1459 subie-

1260 1459 1360 1500 &um
1381 1459 1542 1498 scientiae
1560 1464 1740 1501 naturalis
1758 1465 1916 1505 statuere
1926 1483 2061 1521 corpus
2079 1485 2213 1523 quate-

1258 1524 1330 1548 nus
1350 1524 1518 1551 naturam
1537 1513 1701 1556 habens,
1720 1531 1838 1568 quam
1859 1521 2124 1565 substantiam.
2141 1539 2211 1565 aut

1260 1576 1324 1600 ens
1337 1576 1522 1614 quatenus
1535 1578 1706 1605 naturam
1718 1571 1859 1610 habens
1870 1599 1879 1614 ‚
1901 1577 1991 1624 quia
2002 1574 2135 1615 habere
2144 1592 2210 1616 na-

1260 1626 1384 1654 turam
1396 1616 1446 1654 est
1460 1620 1694 1658 accidentale
1711 1624 1893 1672 quiddam
1912 1627 2125 1668 substantiae
2139 1656 2148 1670 ‚
2171 1636 2209 1669 &

1261 1672 1356 1711 enti,
1376 1669 1444 1707 nisi
1461 1671 1629 1710 dicamus
1646 1674 1762 1712 stricte
1772 1678 1870 1715 sumi
1887 1677 2132 1720 substantiam
2144 1712 2153 1724 ,
2171 1690 2206 1723 δε

1258 1733 1322 1758 ens
1333 1734 1399 1772 pro
1417 1722 1500 1760 solo
1519 1738 1689 1774 corpore.
1728 1731 1863 1783 Qim
1882 1733 2011 1783 itaque
2029 1735 2208 1775 Aristote-
2229 1750 2375 1799 Arist&

1646 1830 1650 1832 >
1941 1787 2024 1823 esto
2043 1788 2206 1827 scientiae
2227 1804 2327 1841 teles.

1257 1827 1437 1864 naturalis
1449 1829 1568 1866 modo
1578 1830 1700 1879 ipsum
1712 1847 1821 1871 vocet
1829 1840 2105 1887 corpus,modo
2119 1842 2141 1879 s
2164 1843 2186 1880 b
2340 1852 2346 1859 ⁴

1257 1877 1430 1916 stantiam
1440 1906 1449 1920 ,
1461 1881 1582 1917 modo
1594 1896 1658 1919 ens
1670 1911 1678 1925 ‚
1689 1886 1749 1924 vel
1762 1886 1815 1923 est
1826 1889 2039 1932 inconstans
2052 1919 2060 1932 ,
2072 1894 2207 1945 velper

1257 1928 1334 1967 liaec
1352 1934 1484 1969 omnia
1505 1933 1629 1971 solum
1648 1950 1786 1988 corpus
1804 1942 2002 1994 intelligit:
2022 1945 2068 1983 fic
2085 1948 2205 1986 etiam

1256 1994 1377 2032 quum
1391 1985 1553 2021 modum
1571 1988 1832 2030 considerandi
1843 1996 1961 2032 modo
1974 1997 2104 2035 statuat
2113 2013 2209 2050 qua—

1257 2046 1368 2092 tenus
1389 2036 1550 2080 mobile,
1571 2041 1691 2078 modo
1709 2056 1893 2093 quatenus
1918 2048 2059 2088 habens
2074 2054 2208 2101 princi-

1258 2099 1367 2143 pium
1379 2099 1529 2129 motus,
1553 2095 1586 2127 &
1598 2094 1754 2141 quietis,
1775 2098 1918 2137 necesse
1930 2100 1981 2139 est
1999 2115 2203 2154 vtpermo-

1261 2139 1337 2177 bile
1355 2139 1543 2193 intelligat
1563 2144 1666 2181 idem
1686 2172 1696 2186 ‚
1722 2151 1827 2197 quod
1843 2163 2011 2190 naturam
2039 2156 2201 2195 habens:

1257 2204 1346 2228 narn
1364 2194 1402 2228 in
1420 2197 1614 2246 puincipio
1631 2202 1745 2247 primi
1762 2200 1845 2239 libri
1863 2203 1908 2242 de
1927 2207 2041 2245 Coelo
2058 2209 2205 2260 inquit,

1258 2245 1448 2283 scientiam
1462 2248 1670 2287 naturalem
1690 2252 1819 2290 versari
1836 2256 1877 2296 in
1896 2261 2116 2308 corporibus
2133 2288 2144 2303 ,
2162 2264 2204 2301 in

1258 2299 1443 2348 principio
1453 2311 1580 2337 autem
1590 2305 1693 2348 tertii*
1705 2303 1789 2341 libri
1799 2303 1890 2345 dicit
1898 2322 1980 2347 eam
1993 2313 2129 2351 versari
2140 2318 2206 2354 cir-

1260 2363 1302 2386 ca
1327 2349 1548 2399 substan-‚tias
1579 2380 1589 2395 ,
1625 2356 1805 2409 intelligit
1831 2372 1962 2399 autem
1985 2377 2204 2416 corporeas,

1262 2404 1352 2453 quia
1371 2402 1568 2458 statiglffieas
1589 2408 1782 2447 recensens
1800 2410 1881 2450 sola
1896 2427 2056 2466 corpora
2072 2422 2207 2457 <nomi—

1261 2465 1343 2492 nat:
1368 2457 1450 2493 &in
1468 2459 1590 2507 primo
1610 2473 1786 2499 contextu
1802 2463 1888 2502 libri
1897 2468 1990 2504 sexti
2007 2471 2207 2524 Metaphya

1265 2507 1426 2545 ficorum
1444 2510 1570 2560 inquit
1588 2539 1596 2552 ‚
1620 2513 1814 2553 scientiam
1831 2520 2045 2557 naturalem
2069 2523 2208 2563 versari

1263 2561 1360 2598 circa
1372 2561 1491 2606 talene.
1499 2563 1566 2600 sub
1574 2562 1747 2604 stantiam
1759 2595 1768 2607 ,
1787 2569 1825 2605 in
1837 2583 1912 2621 qua
1924 2572 2211 2626 estprincipium

1270 2625 1402 2650 motus
1423 2619 1647 2667 ,Qquietis
1668 2632 1677 2657 5
1701 2620 1817 2657 sumit
1831 2625 1934 2659 enim
1965 2623 2207 2669 substantiam

1266 2678 1347 2705 non
1362 2678 1519 2706 ornnem
1531 2696 1539 2709 ,
1550 2670 1610 2707 sed
1622 2671 1759 2714 talem,
1777 2687 1914 2726 nempe
1925 2676 2185 2719 illamtantum
2196 2707 2208 2723 ,

1269 2730 1353 2767 quae
1366 2730 1545 2769 corporea
1562 2721 1632 2763 est,
1663 2723 1737 2761 haec
1757 2727 1857 2763 enirn
1877 2727 1953 2765 sola
1978 2728 2091 2768 habet
2106 2734 2147 2769 in
2172 2734 2209 2773 se

1264 2771 1494 2821 principium
1514 2787 1662 2812 motus:
1683 2788 1854 2815 attamen
1871 2793 1910 2815 in
1926 2781 2025 2818 calce
2040 2785 2212 2825 eiusdem

1268 2834 1466 2862 conteXtus
1497 2827 1625 2876 inquit
1649 2853 1659 2868 ‚
1692 2828 1970 2882 Philosophum
1997 2838 2208 2878 naturalem
2252 2840 2255 2841 ⁷

1270 2874 1500 2915 considerare
1524 2892 1587 2916 ens
1614 2880 1786 2923 mobile,
1811 2896 1877 2934 per
1899 2884 2047 2924 mobile
2070 2891 2208 2929 intelli-

1269 2929 1486 2980 gens-'idem
1502 2959 1512 2971 ,
1532 2934 1639 2981 quod
1655 2932 1796 2971 habens
1809 2938 2039 2987 principium
2053 2954 2206 2985 motum

1273 2981 1465 3029 &pertale
1483 2984 1657 3026 ensillud
1672 2986 1775 3023 idem
1787 3011 1797 3026 2
1816 2988 1920 3036 quod
1931 2993 2032 3039 prius
2050 3005 2114 3043 per
2123 2994 2208 3034 sub·

1269 3028 1441 3070 stantiam
1468 3049 1702 3086 corpoream.
1733 3040 1791 3075 Sic
1807 3042 1992 3082 Auerroes
2015 3045 2055 3081 in
2072 3049 2208 3096 princi-

1265 3084 1330 3132 pio
1342 3088 1465 3134 quarti
1477 3088 1818 3140 Metaphysicorum
1833 3092 1957 3143 inquit
1975 3120 1985 3135 ‚
2002 3110 2066 3135 ens
2085 3100 2208 3138 mobi-

1267 3136 1301 3172 le
1322 3134 1393 3173 effe
1410 3137 1618 3177 subicerum
1637 3141 1798 3180 scientiae
1812 3146 2012 3189 naturalis,
2029 3152 2069 3187 in
2085 3153 2211 3202 primo

1269 3190 1508 3228 autemlibro
1519 3193 1563 3229 de
1575 3193 1705 3232 Coelo,
1718 3201 2001 3239 commentariis
2010 3214 2041 3238 z.
2060 3209 2094 3241 δε
2112 3218 2138 3249 5.
2157 3207 2214 3242 in-

1269 3252 1354 3290 quit
1367 3241 1579 3281 subiectum
1599 3244 1760 3283 scientiae
1769 3250 1952 3288 naturalis
1969 3252 2041 3292 effe
2058 3268 2216 3307 corpu53

1270 3293 1313 3330 in
1328 3293 1394 3332 sua
1411 3306 1537 3335 autem
1559 3296 1782 3340 Praefatione
1797 3302 1839 3340 in
1860 3304 2029 3394 Ρὲἰῐηιιπη
2045 3307 2221 3362 Physsco·

1954 3370 1971 3402 s
2138 3372 2228 3409 rum

2223 3065 2384 3101 Auerre·

2225 3125 2274 3152 es.
2315 3133 2317 3137 ¹
